<record><leader>00000cas a2200000 a 4500</leader><controlfield tag="001">13872280</controlfield><controlfield tag="008">860715d18991929inudn ne      0    0eng c</controlfield><datafield ind1=" " ind2=" " tag="010"><subfield code="a">sn 86058682 </subfield></datafield><datafield ind1=" " ind2=" " tag="040"><subfield code="a">NPI</subfield><subfield code="b">eng</subfield><subfield code="c">NPI</subfield><subfield code="d">NVF</subfield><subfield code="d">OCLCQ</subfield><subfield code="d">IUL</subfield><subfield code="d">OCLCF</subfield></datafield><datafield ind1="1" ind2=" " tag="029"><subfield code="a">AU@</subfield><subfield code="b">000026770749</subfield></datafield><datafield ind1=" " ind2=" " tag="042"><subfield code="a">pcc</subfield></datafield><datafield ind1="0" ind2=" " tag="130"><subfield code="a">Evening banner (Bluffton, Ind.)</subfield></datafield><datafield ind1="1" ind2="4" tag="245"><subfield code="a">The evening banner.</subfield></datafield><datafield ind1=" " ind2=" " tag="260"><subfield code="a">Bluffton, Ind. :</subfield><subfield code="b">Banner Pub. Co.</subfield></datafield><datafield ind1=" " ind2=" " tag="300"><subfield code="a">volumes</subfield></datafield><datafield ind1=" " ind2=" " tag="310"><subfield code="a">Daily (except Sunday)</subfield></datafield><datafield ind1="1" ind2=" " tag="362"><subfield code="a">Began in 1899; ceased in 1929.</subfield></datafield><datafield ind1=" " ind2=" " tag="580"><subfield code="a">Published also until 1917 in a weekly edition called: Bluffton banner (Bluffton, Ind. : 1870).</subfield></datafield><datafield ind1=" " ind2=" " tag="588"><subfield code="a">Description based on: Vol. 10, no. 2 (Nov. 24, 1908).</subfield></datafield><datafield ind1=" " ind2=" " tag="588"><subfield code="a">Latest issue consulted: Volume XV, number 187 (June 30, 1914); U.S. Newspaper Archive (viewed May 30, 2017).</subfield></datafield><datafield ind1=" " ind2="0" tag="651"><subfield code="a">Bluffton (Ind.)</subfield><subfield code="v">Newspapers.</subfield></datafield><datafield ind1=" " ind2="0" tag="651"><subfield code="a">Wells County (Ind.)</subfield><subfield code="v">Newspapers.</subfield></datafield><datafield ind1=" " ind2="7" tag="655"><subfield code="a">Newspapers.</subfield><subfield code="2">fast</subfield><subfield code="0">(OCoLC)fst01423814</subfield></datafield><datafield ind1=" " ind2="7" tag="651"><subfield code="a">Indiana</subfield><subfield code="z">Bluffton.</subfield><subfield code="2">fast</subfield><subfield code="0">(OCoLC)fst01218071</subfield></datafield><datafield ind1=" " ind2="7" tag="651"><subfield code="a">Indiana</subfield><subfield code="z">Wells County.</subfield><subfield code="2">fast</subfield><subfield code="0">(OCoLC)fst01218130</subfield></datafield><datafield ind1=" " ind2=" " tag="752"><subfield code="a">United States</subfield><subfield code="b">Indiana</subfield><subfield code="c">Wells</subfield><subfield code="d">Bluffton.</subfield></datafield><datafield ind1="1" ind2=" " tag="775"><subfield code="t">Bluffton banner (Bluffton, Ind. : 1870)</subfield><subfield code="w">(DLC)sn 87056830</subfield><subfield code="w">(OCoLC)16906579</subfield></datafield><datafield ind1="0" ind2="7" tag="785"><subfield code="t">Bluffton evening news</subfield><subfield code="w">(DLC)sn 84045497</subfield><subfield code="w">(OCoLC)11437950</subfield></datafield><datafield ind1="0" ind2="7" tag="785"><subfield code="t">Evening news-banner</subfield><subfield code="w">(DLC)sn 84045498</subfield><subfield code="w">(OCoLC)11438094</subfield></datafield><datafield ind1="4" ind2="1" tag="856"><subfield code="u">https://access.newspaperarchive.com/us/indiana/bluffton/bluffton-evening-banner/</subfield></datafield></record>